@book{gratzer2007more,
  title={More math into latex},
  author={Zhoutong Zhang, Qiujia Li},
  year={2017},
  publisher={31st Conference on Neural Information Processing Systems }
}